@book{nla,
	author = "Lloyd N. Trefethen and David Bau, III",
	title = "Numerical Linear Algebra",
	year = "1997",
	publisher = "SIAM",
	address = "Philadelphia, Pennsylvania"
}